
@inproceedings{ratliff2006maximum,
  title={Maximum margin planning},
  author={Ratliff, Nathan D and Bagnell, J Andrew and Zinkevich, Martin A},
  booktitle={Proceedings of the 23rd international conference on Machine learning},
  pages={729--736},
  year={2006},
  organization={ACM}
}
@inproceedings{ziebart2008maximum,
  title={Maximum Entropy Inverse Reinforcement Learning.},
  author={Ziebart, Brian D and Maas, Andrew L and Bagnell, J Andrew and Dey, Anind K},
  booktitle={AAAI},
  pages={1433--1438},
  year={2008}
}

@inproceedings{abbeel2004apprenticeship,
  title={Apprenticeship learning via inverse reinforcement learning},
  author={Abbeel, Pieter and Ng, Andrew Y},
  booktitle={Proceedings of the twenty-first International Conference on Machine Learning (ICML)},
  pages={1},
  year={2004},
  organization={ACM}
}


@article{ratliff2009learning,
  title={Learning to search: structured prediction techniques for imitation learning},
  author={Ratliff, Nathan D and Kuffner, James and Ng, Andrew},
  year={2009},
  publisher={Citeseer}
}

@inproceedings{levine2011nonlinear,
  title={Nonlinear inverse reinforcement learning with Gaussian processes},
  author={Levine, Sergey and Popovic, Zoran and Koltun, Vladlen},
  booktitle={Advances in Neural Information Processing Systems},
  pages={19--27},
  year={2011}
}


@phdthesis{ziebart2010modelingthesis,
  title={Modeling purposeful adaptive behavior with the principle of maximum causal entropy},
  author={Ziebart, Brian D},
  year={2010},
  school={Carnegie Mellon University}
}

@article{ratliff2007boosting,
  title={Boosting structured prediction for imitation learning},
  author={Ratliff, Nathan and Bradley, David and Bagnell, J Andrew and Chestnutt, Joel},
  journal={Robotics Institute},
  pages={54},
  year={2007}
}
@article{ramachandran2007bayesian,
  title={Bayesian inverse reinforcement learning},
  author={Ramachandran, Deepak and Amir, Eyal},
  journal={Urbana},
  volume={51},
  pages={61801},
  year={2007}
}

@inproceedings{henry2010learning,
  title={Learning to navigate through crowded environments},
  author={Henry, Peter and Vollmer, Christian and Ferris, Brian and Fox, Dieter},
  booktitle={Proceedings of the IEEE International Conference on Robotics \& Automation (ICRA)},
  pages={981--986},
  year={2010},
  organization={IEEE}
}

@inproceedings{vasquez2014inverse,
  title={Inverse Reinforcement Learning algorithms and features for robot navigation in crowds: An experimental comparison},
  author={Vasquez, Dizan and Okal, Billy and Arras, Kai O},
  booktitle={Proceedings of Intelligent Robots and Systems (IROS 2014)},
  pages={1341--1346},
  year={2014},
  organization={IEEE}
}


@inproceedings{ng2000algorithms,
  title={Algorithms for inverse reinforcement learning.},
  author={Ng, Andrew Y and Russell, Stuart J and others},
  booktitle={Proceedings of the International Conference on Machine Learning (ICML)},
  pages={663--670},
  year={2000}
}

@inproceedings{choi2015,
  title={Leveraged non-stationary Gaussian process regression for autonomous robot navigation},
  author={Sungjoon, Choi and  Eunwoo, Kim and Kyungjae, Lee and Songhwai, Oh},
  booktitle={Proceedings of the IEEE International Conference on Robotics \& Automation (ICRA)},
  year={2015}
}

@article{grollman2012robot,
  title={Robot learning from failed demonstrations},
  author={Grollman, Daniel H and Billard, Aude G},
  journal={International Journal of Social Robotics},
  volume={4},
  number={4},
  pages={331--342},
  year={2012},
  publisher={Springer}
}

@article{jaynes1957information,
  title={Information theory and statistical mechanics},
  author={Jaynes, Edwin T},
  journal={Physical review},
  volume={106},
  number={4},
  pages={620},
  year={1957},
  publisher={APS}
}

@book{sutton1998reinforcement,
  title={Reinforcement learning: An introduction},
  author={Sutton, Richard S and Barto, Andrew G},
  volume={1},
  year={1998},
  publisher={MIT press Cambridge}
}

@article{neu2009training,
  title={Training parsers by inverse reinforcement learning},
  author={Neu, Gergely and Szepesv{\'a}ri, Csaba},
  journal={Machine learning},
  volume={77},
  number={2-3},
  pages={303--337},
  year={2009},
  publisher={Springer}
}

@inproceedings{kuderer2015learning,
  title={Learning driving styles for autonomous vehicles from demonstration},
  author={Kuderer, Markus and Gulati, Shilpa and Burgard, Wolfram},
  booktitle={Proceedings of the IEEE International Conference on Robotics \& Automation (ICRA), Seattle, USA},
  volume={134},
  year={2015}
}
@inproceedings{pacchierotti2006embodied,
  title={Embodied social interaction for service robots in hallway environments},
  author={Pacchierotti, Elena and Christensen, Henrik I and Jensfelt, Patric},
  booktitle={Field and Service Robotics},
  pages={293--304},
  year={2006},
  organization={Springer}
}

@article{ziebart2013principle,
  title={The principle of maximum causal entropy for estimating interacting processes},
  author={Ziebart, Brian D and Bagnell, J Andrew and Dey, Anind K},
  journal={Information Theory, IEEE Transactions on},
  volume={59},
  number={4},
  pages={1966--1980},
  year={2013},
  publisher={IEEE}
}

@inproceedings{babes2011apprenticeship,
  title={Apprenticeship learning about multiple intentions},
  author={Babes, Monica and Marivate, Vukosi and Subramanian, Kaushik and Littman, Michael L},
  booktitle={Proceedings of the 28th International Conference on Machine Learning (ICML-11)},
  pages={897--904},
  year={2011}
}

@inproceedings{syed2007game,
  title={A game-theoretic approach to apprenticeship learning},
  author={Syed, Umar and Schapire, Robert E},
  booktitle={Advances in neural information processing systems},
  pages={1449--1456},
  year={2007}
}

@incollection{dimitrakakis2012bayesian,
  title={Bayesian multitask inverse reinforcement learning},
  author={Dimitrakakis, Christos and Rothkopf, Constantin A},
  booktitle={Recent Advances in Reinforcement Learning},
  pages={273--284},
  year={2012},
  publisher={Springer}
}

@incollection{rothkopf2011preference,
  title={Preference elicitation and inverse reinforcement learning},
  author={Rothkopf, Constantin A and Dimitrakakis, Christos},
  booktitle={Machine Learning and Knowledge Discovery in Databases},
  pages={34--48},
  year={2011},
  publisher={Springer}
}

@inproceedings{klein2012inverse,
  title={Inverse reinforcement learning through structured classification},
  author={Klein, Edouard and Geist, Matthieu and Piot, Bilal and Pietquin, Olivier},
  booktitle={Advances in Neural Information Processing Systems},
  pages={1007--1015},
  year={2012}
}